@Article{tomasulo:algorithm:5392028,
  Title                    = {An Efficient Algorithm for Exploiting Multiple Arithmetic Units},
  Author                   = {Tomasulo, R. M.},
  Journal                  = {IBM Journal of Research and Development},
  Year                     = {1967},

  Month                    = {Jan},
  Number                   = {1},
  Pages                    = {25-33},
  Volume                   = {11},

  Doi                      = {10.1147/rd.111.0025},
  ISSN                     = {0018-8646}
}

@incollection{Moore:2000:CMC:333067.333074,
 author = {Moore, Gordon E.},
 chapter = {Cramming More Components Onto Integrated Circuits},
 title = {Readings in Computer Architecture},
 editor = {Hill, Mark D. and Jouppi, Norman P. and Sohi, Gurindar S.},
 year = {2000},
 isbn = {1-55860-539-8},
 pages = {56--59},
 numpages = {4},
 url = {http://dl.acm.org/citation.cfm?id=333067.333074},
 acmid = {333074},
 publisher = {Morgan Kaufmann Publishers Inc.},
 address = {San Francisco, CA, USA},
}

@Article{michiel:2017,
  author = {SCHEFER MICHIEL},
  title  = {Agricultural Drone: A Green-Tech Technology},
  year   = {2017},
}
@Article{ribas:2017,
  author  = {João Paulo Weselovski Da Silva, Odmartan Ribas Maciel, Giovani Prates, Bisso Dambroz,, Nivia Maria Kinalski, Antonio Carlos Valdiero},
  title   = {PROJETO CONCEITUAL DE UM VEÍCULO AUTÔNOMO PARA A AGRICULTURA DE PRECISÃO},
  journal = {XXV SEMINÁRIO DE INICIAÇÃO CIENTÍFICA},
  year    = {2017},
}
@Article{pereira:2016,
  author = {Luiz Felipe Pereira},
  title  = {C.E.R.B.E.R.U.S.: Robô Bombeiro},
  year   = {2016},
  pages  = {79},
}
@MastersThesis{bracht:2015,
  author   = {MARCOS PAULO PETTERMANN BRACHT},
  title    = {PROJETO DE UM VEÍCULO AUTÔNOMO CAPAZ DE COBRIR UMA ÁREA POLIGONAL SEM PASSAR MAIS DE UMA VEZ PELA MESMA REGIÃO},
  school   = {UNIVERSIDADE TECNOLÓGICA FEDERAL DO PARANÁ},
  year     = {2015},
  type     = {TRABALHO DE CONCLUSÃO DE CURSO},
  abstract = {Este trabalho apresenta um projeto de algoritmos de geração e seguimento de trajetórias aplicado a robôs móveis de acionamento diferencial de modo a percorrer integralmente áreas predefinidas. O movimento é feito com velocidade constante e evitando-se que o robô passe mais de uma vez sobre a mesma região. Controladores proporcional e proporcional-derivativo são usados para ajuste da velocidade angular das rodas e do seguimento de trajetória do robô, respectivamente. Os códigos são testados por meio de um simulador.},
}

@Misc{cassel:2017,
  author = {David Cassel},
  title  = {Remembering Shakey, the First Intelligent Robot},
  month  = mar,
  year   = {2017},
}

@InProceedings{Vasudevan:2016,
  author    = {Ashwin Vasudevan and D Ajith Kumar and N. S. Bhuvaneswari},
  title     = {Precision farming using unmanned aerial and ground vehicles},
  booktitle = {2016 {IEEE} Technological Innovations in {ICT} for Agriculture and Rural Development ({TIAR})},
  year      = {2016},
  month     = {jul},
  publisher = {{IEEE}},
  doi       = {10.1109/tiar.2016.7801229},
}

@Article{,
  author   = {Dimitrios Bechtsis, Vasileios Moisiadis, Naoum Tsolakis, Dimitrios Vlachos and Dionysis Bochtis},
  title    = {Scheduling and Control of Unmanned Ground Vehicles for Precision Farming: A Real-time Navigation Tool},
  year     = {2017},
  pages    = {8},
  abstract = {Autonomous systems are a promising alternative for effectively
executing agricultural field management strategies. Unmanned Ground
Vehicles perform farming activities on custom agricultural fields, using realtime
navigation. The aim of this study is to provide a software tool for
optimizing accuracy and efficiency in precision farming activities, hence
leading to improved farming output, while dynamically addressing operational
and tactical level uncertainties. This paper contributes to the operations
research field by allowing the application of simulated results direct to the
guidance of a physical vehicle. Unlike existing sophisticated tools, the
developed navigation mechanism is user-friendly and highly customizable at
outdoor navigation.},
  keywords = {Unmanned Ground Vehicles, Precision farming, Robot Operating System, Real-time navigation},
}

@MastersThesis{bracht:2015,
  author   = {MARCOS PAULO PETTERMANN BRACHT},
  title    = {PROJETO DE UM VEÍCULO AUTÔNOMO CAPAZ DE COBRIR UMA ÁREA POLIGONAL SEM PASSAR MAIS DE UMA VEZ PELA MESMA REGIÃO},
  school   = {UNIVERSIDADE TECNOLÓGICA FEDERAL DO PARANÁ},
  year     = {2015},
  type     = {TRABALHO DE CONCLUSÃO DE CURSO},
  abstract = {Este trabalho apresenta um projeto de algoritmos de geração e seguimento de trajetórias aplicado a robôs móveis de acionamento diferencial de modo a percorrer integralmente áreas predefinidas. O movimento é feito com velocidade constante e evitando-se que o robô passe mais de uma vez sobre a mesma região. Controladores proporcional e proporcional-derivativo são usados para ajuste da velocidade angular das rodas e do seguimento de trajetória do robô, respectivamente. Os códigos são testados por meio de um simulador.},
}

@InProceedings{evans:1992,
  author    = {B. Krishnamurthy, J. Evans},
  title     = {HelpMate: A robotic courier for hospital use},
  year      = {1992},
  publisher = {IEEE},
  doi       = {10.1109/ICSMC.1992.271504},
}

@Online{engineer:2016,
  author = {The Engineer},
  title  = {Are Autonomous Tractors the Future of Farming?},
  year   = {2016},
  url    = {https://www.engineering.com/DesignerEdge/DesignerEdgeArticles/ArticleID/13022/Are-Autonomous-Tractors-the-Future-of-Farming.aspx},
}
@Online{jacto:2018,
  author   = {Jacto Agrícola},
  editor   = {G1},
  title    = {Veículos autônomos são uma das principais tendências para a agricultura nos próximos anos},
  year     = {2018},
  date     = {2018-08-24},
  url      = {https://g1.globo.com/sp/bauru-marilia/especial-publicitario/jacto-agricola/noticia/2018/08/24/veiculos-autonomos-sao-uma-das-principais-tendencias-para-a-agricultura-nos-proximos-anos.ghtml},
  subtitle = {Capazes de automatizar boa parte do trabalho no campo, serão uma transformação para o setor. Experiência pioneira no Brasil foi pela conduzida pela Jacto, em Pompeia (SP).},
}

@inproceedings{Watiasih2017,
author = {Watiasih, Richa and Rivai, Muhammad and Wibowo, Roby Adi and Penangsang, Ontoseno},
booktitle = {2017 International Seminar on Intelligent Technology and Its Applications (ISITIA)},
doi = {10.1109/ISITIA.2017.8124088},
isbn = {978-1-5386-2708-2},
month = {aug},
pages = {244--249},
publisher = {IEEE},
title = {{Path planning mobile robot using waypoint for gas level mapping}},
url = {http://ieeexplore.ieee.org/document/8124088/},
year = {2017}
}
@inproceedings{Wang2016,
author = {Wang, Hao and Noguchi, Noboru},
booktitle = {2016 IEEE/SICE International Symposium on System Integration (SII)},
doi = {10.1109/SII.2016.7844063},
isbn = {978-1-5090-3329-4},
month = {dec},
pages = {592--597},
publisher = {IEEE},
title = {{Autonomous maneuvers of a robotic tractor for farming}},
url = {http://ieeexplore.ieee.org/document/7844063/},
year = {2016}
}

@inproceedings{Eaton2008,
author = {Eaton, R. and Katupitiya, J. and Siew, K. W. and Dang, K. S.},
booktitle = {2008 2nd Annual IEEE Systems Conference},
doi = {10.1109/SYSTEMS.2008.4519026},
isbn = {978-1-4244-2149-7},
month = {apr},
pages = {1--8},
publisher = {IEEE},
title = {{Precision Guidance of Agricultural Tractors for Autonomous Farming}},
url = {http://ieeexplore.ieee.org/document/4519026/},
year = {2008}
}

@Article{vlachos:2017,
  author   = {Dimitrios Bechtsis, Vasileios Moisiadis, Naoum Tsolakis, Dimitrios Vlachos and Dionysis Bochtis},
  title    = {Scheduling and Control of Unmanned Ground Vehicles for Precision Farming: A Real-time Navigation Tool},
  year     = {2017},
  pages    = {8},
  abstract = {Autonomous systems are a promising alternative for effectively
executing agricultural field management strategies. Unmanned Ground
Vehicles perform farming activities on custom agricultural fields, using realtime
navigation. The aim of this study is to provide a software tool for
optimizing accuracy and efficiency in precision farming activities, hence
leading to improved farming output, while dynamically addressing operational
and tactical level uncertainties. This paper contributes to the operations
research field by allowing the application of simulated results direct to the
guidance of a physical vehicle. Unlike existing sophisticated tools, the
developed navigation mechanism is user-friendly and highly customizable at
outdoor navigation.},
  keywords = {Unmanned Ground Vehicles, Precision farming, Robot Operating System, Real-time navigation},
}

@Article{Kephart2003,
  author    = {J.O. Kephart and D.M. Chess},
  title     = {The vision of autonomic computing},
  journal   = {Computer},
  year      = {2003},
  volume    = {36},
  number    = {1},
  pages     = {41--50},
  month     = {jan},
  doi       = {10.1109/mc.2003.1160055},
  publisher = {Institute of Electrical and Electronics Engineers ({IEEE})},
}
@Online{Pena2013,
  author   = {Pena, Rodolfo F. Alves},
  editor   = {Geografia humana do Brasil},
  title    = {Êxodo rural no Brasil},
  year     = {2013},
  url      = {https://mundoeducacao.bol.uol.com.br/geografia/Exodo-rural-no-brasil.htm},
  subtitle = {O êxodo rural no Brasil desenvolveu-se na segunda metade do século XX e vem perdendo força nos últimos anos.},
}

@Article{Marra2011,
  author   = {Eliseu Alves, Geraldo da Silva e Souza and Renner Marra},
  title    = {Êxodo e sua contribuição à urbanização de 1950 a 2010},
  journal  = {Revista Politica agricola},
  year     = {2011},
  series   = {2},
  abstract = {Este artigo trata da contribuição do êxodo rural na urbanização brasileira, de 1950 a
2010, e discute também o efeito da concentração da produção e as políticas de transferência de renda
na agricultura familiar, nesse êxodo. Conclui-se que a contribuição do êxodo rural foi expressiva
de 1960 a 1980. Em seguida, perdeu ímpeto e, de 2000 a 2010, foi responsável por apenas 3,5\% de
toda a urbanização. Uma das principais causas do êxodo rural é a concentração de produção, 9,7\%
do total dos estabelecimentos contribuiu com 86,4\% do valor bruto da produção. E 70,7\% de todos
os estabelecimentos foram responsáveis por apenas 3,4\% daquele valor. Estima-se que 11 milhões
de pessoas vivam nessa situação de penúria.},
  keywords = {concentração da produção, êxodo rural, população},
}
@Article{Alves2013,
  author   = {ALVES, E. R. de A.; MANTOVANI, E. C.; OLIVEIRA, A. J. de},
  title    = {Benefícios da mecanização na agricultura.},
  year     = {2013},
  date     = {2013-12-19},
  editor   = {Agroanalysis},
  url      = {http://ainfo.cnptia.embrapa.br/digital/bitstream/item/94362/1/Beneficios-da-mecanizacao-na-agricultura.pdf},
  keywords = {Agricultura familiar; Agronegócio; Mecanização agrícola; Tecnologia agrícola.},
}

@InProceedings{Tschiedel2002,
  author   = {Mauro Tschiedel and Mauro Fernando Ferreira},
  title    = {Introdução à Agricultura de Precisão: Conceitos e Vantagens},
  year     = {2002},
  volume   = {32},
  pages    = {159-163},
  url      = {http://www.redalyc.org/html/331/33132127/},
  keywords = {agricultura de precisão, SIG, GPS},
}

@article{Mohammed2017,
author = {El-Abd, Mohammed},
year = {2017},
month = {06},
pages = {79-93},
title = {A Review of Embedded Systems Education in the Arduino Age: Lessons Learned and Future Directions},
volume = {7},
journal = {International Journal of Engineering Pedagogy (iJEP)},
doi = {10.3991/ijep.v7i2.6845}
}

@article{Meng2014,
author = {Andreas Hackeloeer},
title = {Georeferencing: a review of methods and applications},
journal = {Annals of GIS},
volume = {20},
number = {1},
pages = {61-69},
year  = {2014},
publisher = {Taylor & Francis},
doi = {10.1080/19475683.2013.868826},
URL = {https://doi.org/10.1080/19475683.2013.868826},
eprint = {https://doi.org/10.1080/19475683.2013.868826}
}
